<record><leader>00000cas a2200000 a 4500</leader><controlfield tag="001">17375010</controlfield><controlfield tag="008">880122d19751993akuwr ne      0    0eng  </controlfield><datafield ind1=" " ind2=" " tag="010"><subfield code="a">sn 88063013 </subfield></datafield><datafield ind1=" " ind2=" " tag="040"><subfield code="a">DLC</subfield><subfield code="b">eng</subfield><subfield code="c">DLC</subfield><subfield code="d">ANE</subfield><subfield code="d">OCLCQ</subfield><subfield code="d">DLC</subfield><subfield code="d">OCLCQ</subfield><subfield code="d">OCLCO</subfield><subfield code="d">OCLCF</subfield></datafield><datafield ind1="1" ind2=" " tag="029"><subfield code="a">AU@</subfield><subfield code="b">000025808200</subfield></datafield><datafield ind1=" " ind2=" " tag="037"><subfield code="b">Valdez Vanguard, P.O. Box 157, Valdez, AK 99686</subfield></datafield><datafield ind1=" " ind2=" " tag="042"><subfield code="a">pcc</subfield></datafield><datafield ind1=" " ind2=" " tag="043"><subfield code="a">n-us-ak</subfield></datafield><datafield ind1="0" ind2="0" tag="245"><subfield code="a">Valdez vanguard.</subfield></datafield><datafield ind1=" " ind2=" " tag="260"><subfield code="a">Valdez, Alaska :</subfield><subfield code="b">Bonser Co.,</subfield><subfield code="c">1975-1993.</subfield></datafield><datafield ind1=" " ind2=" " tag="300"><subfield code="a">v. :</subfield><subfield code="b">ill. ;</subfield><subfield code="c">44 cm.</subfield></datafield><datafield ind1=" " ind2=" " tag="310"><subfield code="a">Weekly</subfield></datafield><datafield ind1="0" ind2=" " tag="362"><subfield code="a">Vol. 1, no. 1 (Dec. 1, 1975)-</subfield></datafield><datafield ind1="1" ind2=" " tag="362"><subfield code="a">Ceased Nov. 1993.</subfield></datafield><datafield ind1=" " ind2=" " tag="580"><subfield code="a">Merged with: Cordova times, to form: Prince William sounder, Nov. 11, 1993-Jan. 6, 1994.</subfield></datafield><datafield ind1=" " ind2="0" tag="651"><subfield code="a">Valdez (Alaska)</subfield><subfield code="v">Newspapers.</subfield></datafield><datafield ind1=" " ind2="7" tag="655"><subfield code="a">Newspapers.</subfield><subfield code="2">fast</subfield><subfield code="0">(OCoLC)fst01423814</subfield></datafield><datafield ind1=" " ind2="7" tag="651"><subfield code="a">Alaska</subfield><subfield code="z">Valdez.</subfield><subfield code="2">fast</subfield><subfield code="0">(OCoLC)fst01217573</subfield></datafield><datafield ind1=" " ind2=" " tag="752"><subfield code="a">United States</subfield><subfield code="b">Alaska</subfield><subfield code="d">Valdez.</subfield></datafield><datafield ind1="1" ind2="7" tag="785"><subfield code="t">Cordova times</subfield><subfield code="w">(DLC)sn 84020660</subfield><subfield code="w">(OCoLC)2683912</subfield></datafield><datafield ind1="1" ind2="7" tag="785"><subfield code="t">Prince William sounder</subfield><subfield code="w">(DLC)sn 98060253</subfield><subfield code="w">(OCoLC)33339868</subfield></datafield></record>